@inproceedings{Zaharia:2012:RDD:2228298.2228301,
 author = {Zaharia, Matei and Chowdhury, Mosharaf and Das, Tathagata and Dave, Ankur and Ma, Justin and McCauley, Murphy and Franklin, Michael J. and Shenker, Scott and Stoica, Ion},
 title = {Resilient Distributed Datasets: A Fault-tolerant Abstraction for In-memory Cluster Computing},
 booktitle = {Proceedings of the 9th USENIX Conference on Networked Systems Design and Implementation},
 series = {NSDI'12},
 year = {2012},
 location = {San Jose, CA},
 pages = {2--2},
 numpages = {1},
 url = {http://dl.acm.org/citation.cfm?id=2228298.2228301},
 acmid = {2228301},
 publisher = {USENIX Association},
 address = {Berkeley, CA, USA},
} 

@inproceedings{DBLP:conf/sigmod/EngleLXZFSS12,
  author    = {Cliff Engle and
               Antonio Lupher and
               Reynold Xin and
               Matei Zaharia and
               Michael J. Franklin and
               Scott Shenker and
               Ion Stoica},
  title     = {{Shark: fast data analysis using coarse-grained distributed
               memory}},
  booktitle = {SIGMOD Conference},
  year      = {2012},
  pages     = {689-692},
  ee        = {http://doi.acm.org/10.1145/2213836.2213934},
  crossref  = {DBLP:conf/sigmod/2012},
  bibsource = {DBLP, http://dblp.uni-trier.de}
}

@inproceedings{DBLP:conf/sigmod/XinRZFSS13,
  author    = {Reynold S. Xin and
               Josh Rosen and
               Matei Zaharia and
               Michael J. Franklin and
               Scott Shenker and
               Ion Stoica},
  title     = {Shark: SQL and rich analytics at scale},
  booktitle = {SIGMOD Conference},
  year      = {2013},
  pages     = {13-24},
  ee        = {http://doi.acm.org/10.1145/2463676.2465288},
  crossref  = {DBLP:conf/sigmod/2013},
  bibsource = {DBLP, http://dblp.uni-trier.de}
}
@proceedings{DBLP:conf/sigmod/2013,
  editor    = {Kenneth A. Ross and
               Divesh Srivastava and
               Dimitris Papadias},
  title     = {Proceedings of the ACM SIGMOD International Conference on
               Management of Data, SIGMOD 2013, New York, NY, USA, June
               22-27, 2013},
  booktitle = {SIGMOD Conference},
  publisher = {ACM},
  year      = {2013},
  isbn      = {978-1-4503-2037-5},
  ee        = {http://dl.acm.org/citation.cfm?id=2463676},
  bibsource = {DBLP, http://dblp.uni-trier.de}
}

@proceedings{DBLP:conf/sigmod/2012,
  editor    = {K. Sel\c{c}uk Candan and
               Yi Chen and
               Richard T. Snodgrass and
               Luis Gravano and
               Ariel Fuxman},
  title     = {{Proceedings of the ACM SIGMOD International Conference on
               Management of Data, SIGMOD 2012, Scottsdale, AZ, USA, May
               20-24, 2012}},
  booktitle = {SIGMOD Conference},
  publisher = {ACM},
  year      = {2012},
  isbn      = {978-1-4503-1247-9},
  ee        = {http://dl.acm.org/citation.cfm?id=2213836},
  bibsource = {DBLP, http://dblp.uni-trier.de}
}

@article{google:big_table,
  author    = {Fay Chang and others},
  title     = {{Bigtable: A Distributed Storage System for Structured Data}},
  journal   = {ACM Trans. Comput. Syst.},
  volume    = {26},
  number    = {2},
  year      = {2008},
  ee        = {http://doi.acm.org/10.1145/1365815.1365816},
  bibsource = {DBLP, http://dblp.uni-trier.de}
}

@inproceedings{google:gfs,
  author    = {Sanjay Ghemawat and
               Howard Gobioff and
               Shun-Tak Leung},
  title     = {{The Google file system}},
  booktitle = {SOSP},
  year      = {2003},
  pages     = {29-43},
  ee        = {http://doi.acm.org/10.1145/945445.945450},
  crossref  = {DBLP:conf/sosp/2003},
  bibsource = {DBLP, http://dblp.uni-trier.de}
}

@inproceedings{google:map_reduce,
  author    = {Jeffrey Dean and
               Sanjay Ghemawat},
  title     = {{MapReduce: Simplified Data Processing on Large Clusters}},
  booktitle = {OSDI},
  year      = {2004},
  pages     = {137-150},
  ee        = {http://www.usenix.org/events/osdi04/tech/dean.html},
  crossref  = {DBLP:conf/osdi/2004},
  bibsource = {DBLP, http://dblp.uni-trier.de}
}

@Book{ nosql:professional,
	author = "Shashank Tiwari",
	title = {{Professional NoSQL}},
	publisher = "John Wiley and Sons, Inc.",
	year = "2011",
	ISBN = "978-0-470-94224-6"
}

@Book{ nosql:star,
	author = "Stefan Edlich and others",
	title = {{NoSQL}},
	publisher = "Carl Hanser Verlag M�nchen",
	year = "2011",
	ISBN = "978-3-446-42753-2"
}
	
@Book{ n_dimiduk_a_khurana:hbase_in_action,
	author = "Nick Dimiduk, Amandeep Khurana",
	title = {{HBase in Action}},
	publisher = "Manning Publications Co.",
	year = "2013",
	ISBN = "978-1-617-29052-7"
}

@book{lars_george:hbase_the_definite_guide,
  author    = {Lars George},
  title     = {{HBase - The Definitive Guide: Random Access to Your Planet-Size
               Data}},
  publisher = {O'Reilly},
  year      = {2011},
  isbn      = {978-1-449-39610-7},
  pages     = {I-XXVII, 1-522},
  ee        = {http://www.oreilly.de/catalog/9781449396107/index.html},
  bibsource = {DBLP, http://dblp.uni-trier.de}
}

@book{tom_white:hadoop_the_definite_guide,
  author    = {Tom White},
  title     = {{Hadoop - The Definitive Guide: Storage and Analysis at Internet
               Scale (3. ed., revised and updated)}},
  publisher = {O'Reilly},
  year      = {2012},
  isbn      = {978-1-449-31152-0},
  pages     = {I-XXIII, 1-657},
  ee        = {http://www.oreilly.de/catalog/9781449311520/index.html},
  bibsource = {DBLP, http://dblp.uni-trier.de}
}

@Book{ emmerich:konstruktion_von_verteilten_objekten,
	author = "Wolfgang Emmerich ",
	title = {{Konstruktion von verteilten Objekten}},
	publisher = "Dpunkt-Verlag",
	year = "2003",
	ISBN = "978-3-898-64140-1"
}

@techreport{ d_boesswetter:spaltenorientierte_dbs,
	author = "Daniel B{\" o}sswetter",
	title = {{Spaltenorientierte Datenbanken}},
	institution = "Freie Universit{\" a}t Berlin, Institut f{\" u}r Informatik, Arbeitsgruppe Datenbanken und Informationssysteme",
	year = "2010",
	note = "Erschienden im Informatik Spektrum, Springer-Verlag",
	address = {Artikel ver{\" o}ffentlicht auf: \url{http://www.gi.de/service/informatiklexikon/detailansicht/article/spaltenorientierte-datenbanken.html} Abruf am: 14.04.2013}
}

@article{ m_hilbert_and_p_lopez:the_worlds_capacity_to_store_communicate_and_compute_information,
	author= {Martin Hilbert and
               Priscila L{\'o}pez},
	title= {{The Worlds's Technological Capacity to Store, Communicate, and Compute Information}},
	journal="Science",
	number="332",
	year="2011"
}

@techreport{idc_iview_extracting_value_from_chaos,
	author = "John Gantz, David Reinsel",
	title = {{Extracting Value from Chaos}},
	institution = "IDC",
	year = "2011",
	month = "june"
}

@misc{ digital_revolution,
	author = "Cory Janssen",
	title = {{Digital Revolution Techopedia}},
	note = {\url{http://www.techopedia.com/definition/23371/digital-revolution} Abruf am: 14.04.2013},
	year = "2010"
}

@misc{ scalability,
	author = {Oliver Beren Kaul},
	title = {{Kurz und Gut - Skalierbarkeit}},
	note = {\url{http://www.se.uni-hannover.de/pub/File/kurz-und-gut/ws2011-labor-restlab/RESTLab-Skalierbarkeit-Oliver-Beren-Kaul-kurz-und-gut.pdf} Abruf am: 01.05.2013},
	year = "2011"
}

@misc{ cluster,
	author = "Pacal Erb",
	title = {{Cluster Computing}},
	note = {\url{http://www.informatik.uni-mainz.de/lehre/cg/SS2008_PA/data/V09b_ClusterComputing_Erb.pdf} Abruf am: 02.05.2013},
	year = "2008"
}

@misc{ big_data_forbes,
	author = "Edd Dumbill",
	title = {{Volume, Velocity, Variety: What You Need to Know About Big Data}},
	note = {\url{http://www.forbes.com/sites/oreillymedia/2012/01/19/volume-velocity-variety-what-you-need-to-know-about-big-data/} Abruf am: 09.05.2013},
	year = "2012"
}

@MastersThesis{realisierung_verteilte_nosql_anwendung,
  author = 	 "Alexander Ponomarenko",
  title = 	 {{Entwurf und Realisierung einer verteilten NoSQL-Anwendung}},
  school = 	 "Hochschule f�r Angewandte Wissenschaften Hamburg",
  year = 	 "2011",
  OPTmonth = "August"
}

@Manual{hadoop_arch_design,
  author = 	 "Dhruba Borthakur",
  title = 	 {{The Hadoop Distributed File System: Architecture and Design}},
  organization = " Apache Software Foundation",
  year = 	 "2007",
  note = {\url{http://hadoop.apache.org/docs/r0.18.0/hdfs_design.pdf} Abruf am: 09.05.2013}
}
@Misc{vogels_all_distributed,
  author = 	 {Werner Vogels},
  title = 	 {{Eventually Consistent - Revisited}},
  howpublished = {WWW},
  year = 	 {2008},
  note = 	 {\url{http://www.allthingsdistributed.com/2008/12/eventually_consistent.html} Abruf am: 20.05.2013},
}
@Misc{alex_b_config_hbase_memstore,
  author = 	 {Alex Baranau},
  title = 	 {{Configuring HBase Memstore: What You Should Know}},
  year = 	 {2013},
  note = 	 {\url{http://blog.sematext.com/2012/07/16/hbase-memstore-what-you-should-know/} Abruf am: 05.06.2013},
}

@TechReport{tfindling_hadoop,
  author = 	 {Thomas Findling},
  title = 	 {{Seminararbeit Hadoop}},
  institution =  {Universit{\" a}t Leipzig},
  year = 	 {2010},
  note =  {\url{http://dbs.uni-leipzig.de/file/seminar_0910_findling_ausarbeitung.pdf} Abruf am 15.05.2013}
}

@Misc{hdfs_default_config,
  author = 	 {\mbox{Apache Software Foundation}},
  title = 	 {{Config hdfs-default.xml}},
  year = 	 {2013},
  note = 	 {\url{http://hadoop.apache.org/docs/current/hadoop-project-dist/hadoop-hdfs/hdfs-default.xml} Abruf am 15.05.2013}
}

@Misc{apache_hbase_acid_semantics,
	author = {\mbox{Apache Software Foundation}},
	title = {{Acid-Semantics}},
	year = {2013},
	note= {\url{http://hbase.apache.org/acid-semantics.html} Abruf am 06.08.2013}
}

@book{db_kempler_eickler,
  author    = {Alfons Kemper and
               Andr{\'e} Eickler},
  title     = {{Datenbanksysteme - Eine Einf{\"u}hrung, 5. Auflage}},
  publisher = {Oldenbourg},
  year      = {2004},
  isbn      = {3-486-27392-2},
  bibsource = {DBLP, http://dblp.uni-trier.de}
}

@Unpublished{dbs_datenkontrolle,
  author = 	 {{Universit{\" a}t Leipzig, Institut f�r Informatik, Abteilung Datenbanken}},
  title = 	"Datenkontrolle",
  note = 	"Datenbank Systeme 1 Skript Wintersemester 2010/2011",
  year = "2011"
}

@Misc{bean_map,
  author = 	 {\mbox{Apache Software Foundation}},
  title = 	 {{Darstellung eines Objektes als Assozialtivspeicher (BeanMap)}},
  year = 	 {2001},
  note = 	 {\url{http://commons.apache.org/proper/commons-collections/javadocs/api-2.1.1/org/apache/commons/collections/BeanMap.html} Abruf am 15.08.2013}
}

@Misc{github_tiq_jmx,
	author = {\mbox{TIQ Solutions GmbH}},
	title = {{JMX Client Project Site}},
	year = {2013},
	note = {\url{https://github.com/TIQSolutions/JmxClient} Abruf am 21.09.2013}
}

@Misc{phoenix_main_page,
  author = 	 "James Taylor and others",
  title = 	 {{Phoenix Projektstartseite}},
  year = 	 {2012},
  note = 	 {\url{https://github.com/forcedotcom/phoenix} Abruf am 30.08.2013}
}

@Misc{phoenix_data_types,
  author = 	 "James Taylor and others",
  title = 	 {{Phoenix Datentypen Referenz}},
  year = 	 {2012},
  note = 	 {\url{http://forcedotcom.github.io/phoenix/datatypes.html} Abruf am 30.08.2013}
}

@Misc{apache_javadoc_ITUBRSP,
  author = 	 {\mbox{Apache Software Foundation}},
  title = 	 {{Javadoc IncreasingToUpperBoundRegionSplitPolicy}},
  year = 	 {2013},
  note = 	 {\url{http://hbase.apache.org/apidocs/org/apache/hadoop/hbase/regionserver/IncreasingToUpperBoundRegionSplitPolicy.html} Abruf am 30.08.2013},
}

@Misc{apache_javadoc_RSP,
  author = 	 {\mbox{Apache Software Foundation}},
  title = 	 {{Javadoc RegionSplitPolicy}},
  year = 	 {2013},
  note = 	 {\url{http://hbase.apache.org/apidocs/org/apache/hadoop/hbase/regionserver/RegionSplitPolicy.html} Abruf am 30.08.2013},
}

@Misc{apache_javadoc_CSRSP,
  author = 	 {\mbox{Apache Software Foundation}},
  title = 	 {{Javadoc ConstantSizeRegionSplitPolicy}},
  year = 	 {2013},
  note = 	 {\url{http://hbase.apache.org/apidocs/org/apache/hadoop/hbase/regionserver/RegionSplitPolicy.html} Abruf am 30.08.2013},
}


@Misc{hypertable_website,
  author = 	 {\mbox{Hypertable Inc.}},
  title = 	 {{Hypertable Webseite}},
  year = 	 {2012},
  note = 	 {\url{http://hypertable.org} Abruf am 30.08.2013}
}

@Misc{phoenix-performance,
	author = {James Taylor and others},
	title = {{Phoenix Perfomance}},
	year = {2013},
	note = {\url{https://github.com/forcedotcom/phoenix/wiki/Performance} Abruf am 21.09.2013}
}

@Misc{cloudata_website,
  author = 	 {\mbox{Gruter, Inc.}},
  title = 	 {{Cloudata Webseite}},
  year = 	 {2011},
  note = 	 {\url{http://cloudata.org/index.html} Abruf am 30.08.2013},
}

@Misc{shark_2012_berkley_presentation,
	author = {Reynold Xin},
	title = {{Shark: Hive (SQL) on Spark}}, 
	year = {2012},
	note = {\url{http://ampcamp.berkeley.edu/wp-content/uploads/2012/06/reynold-xin-ampcamp-2012-08-21-Shark.pdf} Abruf am 16.03.2014}
}

@Misc{runnig_shark_on_a_cluster, 
	author = {\mbox{Apache Software Foundation}},
	title = {Running Shark on a Cluster},
	year = {2013},
	note = {\url{https://github.com/amplab/shark/wiki/Running-Shark-on-a-Cluster}, Abruf am 15.03.2014}
}

@article{DBLP:journals/fgcs/SriramaJV12,
  author    = {Satish Narayana Srirama and
               Pelle Jakovits and
               Eero Vainikko},
  title     = {Adapting scientific computing problems to clouds using MapReduce},
  journal   = {Future Generation Comp. Syst.},
  volume    = {28},
  number    = {1},
  year      = {2012},
  pages     = {184-192},
  ee        = {http://dx.doi.org/10.1016/j.future.2011.05.025},
  bibsource = {DBLP, http://dblp.uni-trier.de}
}

@TechReport{map_scale_cloud_env_scientific_computing,
  author = 	 {C. Bunch, B. Drawert, M. Norman},
  title = 	 {Map Scale,  a cloud environment for scientific computing},
  institution =  { University  of  California,  Computer  Science Department},
  year = 	 {2008}
}

% that matrix multi-plication, the n-body problem, and linear regression all are highly amenable to MapReduce 

@inproceedings{DBLP:conf/hpca/RangerRPBK07,
  author    = {Colby Ranger and
               Ramanan Raghuraman and
               Arun Penmetsa and
               Gary R. Bradski and
               Christos Kozyrakis},
  title     = {Evaluating MapReduce for Multi-core and Multiprocessor Systems},
  booktitle = {HPCA},
  year      = {2007},
  pages     = {13-24},
  ee        = {http://doi.ieeecomputersociety.org/10.1109/HPCA.2007.346181},
  crossref  = {DBLP:conf/hpca/2007},
  bibsource = {DBLP, http://dblp.uni-trier.de}
}

@proceedings{DBLP:conf/hpca/2007,
  title     = {13st International Conference on High-Performance Computer
               Architecture (HPCA-13 2007), 10-14 February 2007, Phoenix,
               Arizona, USA},
  booktitle = {HPCA},
  publisher = {IEEE Computer Society},
  year      = {2007},
  bibsource = {DBLP, http://dblp.uni-trier.de}
}

%  Map Reduce can be implemented on FPGAs as well as GPUs
@inproceedings{DBLP:conf/fccm/YeungTTKCCL08,
  author    = {Jackson H. C. Yeung and
               C. C. Tsang and
               Kuen Hung Tsoi and
               Bill S. H. Kwan and
               Chris C. C. Cheung and
               Anthony P. C. Chan and
               Philip Heng Wai Leong},
  title     = {Map-reduce as a Programming Model for Custom Computing Machines},
  booktitle = {FCCM},
  year      = {2008},
  pages     = {149-159},
  ee        = {http://dx.doi.org/10.1109/FCCM.2008.19},
  crossref  = {DBLP:conf/fccm/2008},
  bibsource = {DBLP, http://dblp.uni-trier.de}
}

@proceedings{DBLP:conf/fccm/2008,
  editor    = {Kenneth L. Pocek and
               Duncan A. Buell},
  title     = {16th IEEE International Symposium on Field-Programmable
               Custom Computing Machines, FCCM 2008, 14-15 April 2008,
               Stanford, Palo Alto, California, USA},
  booktitle = {FCCM},
  publisher = {IEEE Computer Society},
  year      = {2008},
  isbn      = {978-0-7695-3307-0},
  bibsource = {DBLP, http://dblp.uni-trier.de}
}

@inproceedings{Ekanayake:2010:TRI:1851476.1851593,
 author = {Ekanayake, Jaliya and Li, Hui and Zhang, Bingjing and Gunarathne, Thilina and Bae, Seung-Hee and Qiu, Judy and Fox, Geoffrey},
 title = {Twister: A Runtime for Iterative MapReduce},
 booktitle = {Proceedings of the 19th ACM International Symposium on High Performance Distributed Computing},
 series = {HPDC '10},
 year = {2010},
 isbn = {978-1-60558-942-8},
 location = {Chicago, Illinois},
 pages = {810--818},
 numpages = {9},
 url = {http://doi.acm.org/10.1145/1851476.1851593},
 doi = {10.1145/1851476.1851593},
 acmid = {1851593},
 publisher = {ACM},
 address = {New York, NY, USA},
 keywords = {MapReduce, cloud technologies, iterative algorithms},
} 

@article{Thusoo:2009:HWS:1687553.1687609,
 author = {Thusoo, Ashish and Sarma, Joydeep Sen and Jain, Namit and Shao, Zheng and Chakka, Prasad and Anthony, Suresh and Liu, Hao and Wyckoff, Pete and Murthy, Raghotham},
 title = {Hive: A Warehousing Solution over a Map-reduce Framework},
 journal = {Proc. VLDB Endow.},
 issue_date = {August 2009},
 volume = {2},
 number = {2},
 month = aug,
 year = {2009},
 issn = {2150-8097},
 pages = {1626--1629},
 numpages = {4},
 url = {http://dl.acm.org/citation.cfm?id=1687553.1687609},
 acmid = {1687609},
 publisher = {VLDB Endowment},
} 

@Misc{spark_shark_presentation_oracle,
	author = 	 {Reynold Xin},
  	title = 	 {Spark and Shark: High-speed In-memory Analytics over Hadoop Data},
 	note = 	 {Entnommen aus \url{http://www.cs.berkeley.edu/~rxin/talks/2013-05-14_BDAS_Oracle.pdf}, Abruf am 22.03.2014},
 	year = {2013}
}

@Misc{spark_web_page,
	author = 	 {\mbox{Apache Software Foundation}},
  	title = 	 {Spark Web Page},
 	note = 	 {siehe \url{http://spark.apache.org/}, Abruf am 23.03.2014},
 	year = {2014}
}

@Misc{shark_wiki_doc,
	author = 	 {\mbox{Apache Software Foundation}},
	title = {Shark Github Wiki Page},
	note = {siehe \url{https://github.com/amplab/shark/wiki}, Abruf am 18.03.2014},
	year = {2013}
}

@Misc{big_data_benchmark,
	author = {\mbox{AMPLab University California Berkeley}},
	title = {Big Data Benchmark},
	note = {siehe \url{https://amplab.cs.berkeley.edu/benchmark/}, Abruf am 29.03.2014},
	yeahr = {2014}

}

@Misc{common_crawl,
  title = 	 {Common Crawl Webpage},
  year = 	 {2014},
  note = 	 {siehe \url{http://commoncrawl.org/}, Abruf am 29.03.2014}
}

@article{DBLP:journals/corr/XinCDGFS14,
  author    = {Reynold S. Xin and
               Daniel Crankshaw and
               Ankur Dave and
               Joseph E. Gonzalez and
               Michael J. Franklin and
               Ion Stoica},
  title     = {GraphX: Unifying Data-Parallel and Graph-Parallel Analytics},
  journal   = {CoRR},
  volume    = {abs/1402.2394},
  year      = {2014},
  ee        = {http://arxiv.org/abs/1402.2394},
  bibsource = {DBLP, http://dblp.uni-trier.de}
}

@INPROCEEDINGS{Pavlo09acomparison,
    author = {Andrew Pavlo and Erik Paulson and Alexander Rasin and Daniel J. Abadi and David J. Dewitt and Samuel Madden and Michael Stonebraker},
    title = {A comparison of approaches to large-scale data analysis},
    booktitle = {In SIGMOD ’09: Proceedings of the 35th SIGMOD international conference on Management of data},
    year = {2009},
    pages = {165--178},
    publisher = {ACM}
}

@Misc{link_plenarprotokolle,
  title = {Bundestag Plenarprotokoll Link},
  author = 	 {Bundestag},
  year = 	 {2014},
  note = 	 {reference \url{http://dip21.bundestag.de/dip21/btp/\{period\}/\{period\}\{session\}.pdf}, replace period with election period (e.g. 01 for the first) and session with a three digit number of the session(001 for the first session)},
}

@Misc{plagiat_1,
  author = 	 {\mbox{RP Online}},
  title = 	 {Politiker und Plagiats-Affären},
  year = 	 {2014}, 
  OPTnote = 	 {reference \url{http://www.rp-online.de/politik/politiker-und-plagiats-affaeren-bid-1.2182047}, visited at 21.09.2014},
}

@Misc{plagiat_2,
  author = 	 {\mbox{FAZ}},
  title = 	 {Dr. Putins Arbeit ist ein Plagiat},
  year = 	 {2006}, 
  OPTnote = 	 {reference \url{http://www.faz.net/aktuell/gesellschaft/menschen/russland-dr-putins-arbeit-ist-ein-plagiat-1305688.html}, visited at 21.09.2014},
}

@Misc{plagiat_3,
  author = 	 {\mbox{Die Zeit}},
  title = 	 {Entwickler lagert eigenen Job heimlich nach China aus},
  year = 	 {2013},
  note = 	 {refrence \url{http://www.zeit.de/digital/internet/2013-01/outsourcing-china-verizon}, visited at 21.09.2014 },
}
