  @article{BleiSupervisedTopicModels,
	author = {{Blei}, D.~M. and {McAuliffe}, J.~D.},
	title = "{Supervised Topic Models}",
	journal = {ArXiv e-prints},
	archivePrefix = "arXiv",
	eprint = {1003.0783},
	primaryClass = "stat.ML",
	keywords = {Statistics - Machine Learning},
	year = 2010,
	month = mar,
	adsurl = {http://adsabs.harvard.edu/abs/2010arXiv1003.0783B},
	adsnote = {Provided by the SAO/NASA Astrophysics Data System}
},

@article{blatent,
  title={Latent dirichlet allocation},
  author={Blei, David M and Ng, Andrew Y and Jordan, Michael I},
  journal={the Journal of machine Learning research},
  volume={3},
  pages={993--1022},
  year={2003},
  publisher={JMLR. org}
},

@book{javainsel9,
  Author = {Christian Ullenboom},
  Title = {Java ist auch eine Insel},
  Publisher = {Galileo Computing},
  Year = {2010},
  ISBN = {3836215063},
  URL = {http://www.amazon.com/Java-ist-auch-eine-Insel/dp/3836215063%3FSubscriptionId%3D0JYN1NVW651KCA56C102%26tag%3Dtechkie-20%26linkCode%3Dxm2%26camp%3D2025%26creative%3D165953%26creativeASIN%3D3836215063}
},

@misc{bundestag,
  title        = {Bundestagsprotokolle},
  year         = {2014},
  howpublished = {Website},
  note         = {Available online at \url{http://suche.bundestag.de/plenarprotokolle/search.form} visited on March 26th 2014.}
},

@misc{async,
  author = 	 {Benoit Sigoure},
  title = 	 {Async Library},
  howpublished = {Github},
  year = 	 {2010},
  note = 	 {\url{https://github.com/stumbleupon/async}},
},

@article{BleiSupervisedTopicModels,
  author = {{Blei}, D.~M. and {McAuliffe}, J.~D.},
  title = "{Supervised Topic Models}",
  journal = {ArXiv e-prints},
  archivePrefix = "arXiv",
  eprint = {1003.0783},
  primaryClass = "stat.ML",
  keywords = {Statistics - Machine Learning},
  year = 2010,
  month = mar,
  adsurl = {http://adsabs.harvard.edu/abs/2010arXiv1003.0783B},
  adsnote = {Provided by the SAO/NASA Astrophysics Data System}
}